@book{2004模拟电子技术基础简明教程,
	author={杨素行},
	title={模拟电子技术基础简明教程(第三版)教学指导书},
	year={2004},
}

@book{1989模拟电子技术基础,
	author={童诗白},
	title={模拟电子技术基础 第三版},
	year={1989},
}

@article{吴少琴2009电子元器件在电路仿真中的建模,
	title={电子元器件在电路仿真中的建模},
	author={吴少琴},
	journal={电子设计工程},
	volume={17},
	number={8},
	pages={47-49},
	year={2009},
}
